  @Manual{R,
    title = {R: A Language and Environment for Statistical Computing},
    author = {{R Core Team}},
    organization = {R Foundation for Statistical Computing},
    address = {Vienna, Austria},
    year = {2014},
    url = {http://www.R-project.org/},
  }


  @book{mar08,
  title={Clean Code: A Handbook of Agile Software Craftsmanship},
  author={Martin, Robert C.,},
  year={2008},
  publisher={Pearson Education}
}


@Manual{xtable,
  title = {xtable: Export tables to LaTeX or HTML},
  author = {Dahl, David B.},
  year = {2014},
  note = {R package version 1.7-3},
  url = {http://CRAN.R-project.org/package=xtable},
}


  @Article{testthat,
    author = {Wickham, Hadley},
    title = {testthat: Get Started with Testing},
    journal = {The R Journal},
    year = {2011},
    volume = {3},
    pages = {5--10},
    url = {http://journal.r-project.org/archive/2011-1/RJournal_2011-1_Wickham.pdf},
  }


  @book{fowler2012,
  title={Refactoring: Improving the Design of Existing Code},
  author={Fowler, M. and Beck, K. and Brant, J. and Opdyke, W. and Roberts, D.},
  year={2012},
  publisher={Pearson Education}
}