@book{mar08,
  title={Clean Code: A Handbook of Agile Software Craftsmanship},
  author={Martin, R.C.},
  year={2008},
  publisher={Pearson Education}
}


@book{woo82,
  title={Computer Science},
  author={Woodhouse, D. and Johnstone, G. and McDougall, A.},
  year={1982},
  publisher={John Wiley \& Sons}
}


%packages referenced in

@Manual{xtable,
  title = {xtable: Export tables to LaTeX or HTML},
  author = {David B. Dahl},
  year = {2014},
  note = {R package version 1.7-3},
  url = {http://CRAN.R-project.org/package=xtable},
}


%reference for R

  @Manual{R,
    title = {R: A Language and Environment for Statistical Computing},
    author = {{R Core Team}},
    organization = {R Foundation for Statistical Computing},
    address = {Vienna, Austria},
    year = {2014},
    url = {http://www.R-project.org/},
  }

%reference for Latex

%reference for HTML

%list of references to get from table sources

%apsrtable
@Manual{apsrtable,
  title = {apsrtable: apsrtable model-output formatter for social science},
  author = {Michael Malecki},
  year = {2012},
  note = {R package version 0.8-8},
  url = {http://CRAN.R-project.org/package=apsrtable},
}

%etable
@Manual{etable,
  title = {etable: Easy Table},
  author = {Andreas Schulz},
  year = {2013},
  note = {R package version 1.2.0},
  url = {http://CRAN.R-project.org/package=etable},
}


%fdth
%need to add url
@Manual{fdth,
  title = {Frequency Distribution Tables, Histograms and Poligons.},
  author = {José Cláudio Faria and Enio Jelihovschi},
  organization = {UESC},
  address = {Ilheus, Bahia, Brasil},
  year = {2014},
}


%Hmisc

@Manual{Hmisc,
  title = {Hmisc: Harrell Miscellaneous},
  author = {Frank E Harrell Jr and with contributions from Charles Dupont and many others.},
  year = {2014},
  note = {R package version 3.14-5},
  url = {http://CRAN.R-project.org/package=Hmisc},
}

%hwriter
  @Manual{hwriter,
    title = {hwriter: HTML Writer - Outputs R objects in HTML format},
    author = {Gregoire Pau},
    year = {2014},
    note = {R package version 1.3.2},
    url = {http://CRAN.R-project.org/package=hwriter},
  }
%hwriterPlus
  @Manual{hwriterPlus,
    title = {hwriterPlus: Extending the hwriter Package},
    author = {David J. Scott},
    year = {2011},
    note = {R package version 1.0},
    url = {https://r-forge.r-project.org/R/?group_id=1269},
  }

%memisc
  @Manual{memisc,
    title = {memisc: Tools for Management of Survey Data, Graphics, Programming,
Statistics, and Simulation},
    author = {Martin Elff},
    year = {2014},
    note = {R package version 0.96-10},
    url = {http://CRAN.R-project.org/package=memisc},
  }
%quantreg

  @Manual{quantreg,
    title = {quantreg: Quantile Regression},
    author = {Roger Koenker},
    year = {2013},
    note = {R package version 5.05},
    url = {http://CRAN.R-project.org/package=quantreg},
  }

%R2HTML
%change away from the pdf
  @Article{R2HTM,
    title = {The {R2HTML} Package},
    author = {Eric Lecoutre},
    journal = {R News},
    year = {2003},
    volume = {3},
    number = {3},
    pages = {33--36},
    month = {December},
    url = {http://cran.r-project.org/doc/Rnews/Rnews_2003-3.pdf},
  }


%r2lh

  @Manual{r2lh,
    title = {r2lh: R to LaTeX and HTML},
    author = {Christophe Genolini and Bernard Desgraupes and Lionel Riou Franca},
    year = {2011},
    note = {R package version 0.7},
    url = {http://CRAN.R-project.org/package=r2lh},
  }

%reporttools
  @Article{reporttools,
    title = {{reporttools}: {R} Functions to Generate {\LaTeX} Tables of Descriptive Statistics},
    author = {Kaspar Rufibach},
    journal = {Journal of Statistical Software, Code Snippets},
    year = {2009},
    volume = {31},
    number = {1},
    url = {http://www.jstatsoft.org/v31/c01/},
  }
%rms

  @Manual{rms,
    title = {rms: Regression Modeling Strategies},
    author = {Frank E Harrell Jr},
    year = {2014},
    note = {R package version 4.2-1},
    url = {http://CRAN.R-project.org/package=rms},
  }

%rockchalk
  @Manual{rockchalk,
    title = {rockchalk: Regression Estimation and Presentation},
    author = {Paul E. Johnson},
    year = {2014},
    note = {R package version 1.8.86},
    url = {http://CRAN.R-project.org/package=rockchalk},
  }

%stargazer
  @Manual{stargazer,
    title = {stargazer: LaTeX/HTML code and ASCII text for well-formatted regression and summary statistics tables},
    author = {Marek Hlavac},
    year = {2014},
    note = {R package version 5.1},
    organization = {Harvard University},
    address = {Cambridge, USA},
    url = {http://CRAN.R-project.org/package=stargazer},
  }

%suRtex

  @Manual{suRtex,
    title = {suRtex: LaTeX descriptive statistic reporting for survey data},
    author = {Dustin Landers},
    year = {2013},
    note = {R package version 0.9},
    url = {http://CRAN.R-project.org/package=suRtex},
  }

%tables

  @Manual{tables,
    title = {tables: Formula-driven table generation},
    author = {Duncan Murdoch},
    year = {2014},
    note = {R package version 0.7.79},
    url = {http://CRAN.R-project.org/package=tables},
  }

%taRifx

 @Manual{taRifx,
    title = {taRifx: Collection of utility and convenience functions.},
    author = {Ari B. Friedman},
    year = {2014},
    note = {R package version 1.0.6},
    url = {http://CRAN.R-project.org/package=taRifx},
  }

%texreg

  @Article{texreg,
    title = {{texreg}: Conversion of Statistical Model Output in {R} to {\LaTeX} and {HTML} Tables},
    author = {Philip Leifeld},
    journal = {Journal of Statistical Software},
    year = {2013},
    volume = {55},
    number = {8},
    pages = {1--24},
    url = {http://www.jstatsoft.org/v55/i08/},
  }