@book{mar08,
  title={Clean Code: A Handbook of Agile Software Craftsmanship},
  author={Martin, Robert C.,},
  year={2008},
  publisher={Pearson Education}
}


@book{woo82,
  title={Computer Science},
  author={Woodhouse, David and Johnstone, Greg and McDougall, Anne},
  year={1982},
  publisher={John Wiley \& Sons}
}

@book{gan13,
  title={Reproducible Research with R and RStudio},
  author={Gandrud, Christopher},
  series={Chapman \& Hall/CRC The R Series},
  year={2013},
  publisher={Taylor \& Francis}
}

@online{ibm,
  author = {David Wheeler},
  title = {Secure programmer: Validating Input},
  year = 2003,
  url = {http://www.ibm.com/developerworks/library/l-sp2/},
  urldate = {2014-10-26}
}

%packages referenced in

@Manual{xtable,
  title = {xtable: Export tables to LaTeX or HTML},
  author = {Dahl, David B.},
  year = {2014},
  note = {R package version 1.7-3},
  url = {http://CRAN.R-project.org/package=xtable},
}


%reference for R

  @Manual{R,
    title = {R: A Language and Environment for Statistical Computing},
    author = {{R Core Team}},
    organization = {R Foundation for Statistical Computing},
    address = {Vienna, Austria},
    year = {2014},
    url = {http://www.R-project.org/},
  }

%reference for Latex

%reference for HTML

%list of references to get from table sources

%apsrtable
@Manual{apsrtable,
  title = {apsrtable: apsrtable model-output formatter for social science},
  author = {Malecki, Michael},
  year = {2012},
  note = {R package version 0.8-8},
  url = {http://CRAN.R-project.org/package=apsrtable},
}


  @Manual{devtools,
    title = {devtools: Tools to make developing R code easier},
    author = {Wickham, Hadley and Chang, Winston},
    year = {2014},
    note = {R package version 1.6.1},
    url = {http://CRAN.R-project.org/package=devtools},
  }




%etable
@Manual{etable,
  title = {etable: Easy Table},
  author = {Schulz, Andreas},
  year = {2013},
  note = {R package version 1.2.0},
  url = {http://CRAN.R-project.org/package=etable},
}


%fdth
%need to add url
@Manual{fdth,
  title = {Frequency Distribution Tables, Histograms and Poligons.},
  author = {Faria, José Cláudio and Jelihovschi, Enio},
  organization = {UESC},
  address = {Ilheus, Bahia, Brasil},
  year = {2014},
}


%Hmisc

@Manual{Hmisc,
  title = {Hmisc: Harrell Miscellaneous},
  author = {Harrell, Jr., Frank E., and with contributions from Charles Dupont and many others.},
  year = {2014},
  note = {R package version 3.14-5},
  url = {http://CRAN.R-project.org/package=Hmisc},
}

%hwriter
  @Manual{hwriter,
    title = {hwriter: HTML Writer - Outputs R objects in HTML format},
    author = {Pau, Gregoire},
    year = {2014},
    note = {R package version 1.3.2},
    url = {http://CRAN.R-project.org/package=hwriter},
  }
%hwriterPlus
  @Manual{hwriterPlus,
    title = {hwriterPlus: Extending the hwriter Package},
    author = {Scott, David J.},
    year = {2011},
    note = {R package version 1.0},
    url = {https://r-forge.r-project.org/R/?group_id=1269},
  }

%memisc
  @Manual{memisc,
    title = {memisc: Tools for Management of Survey Data, Graphics, Programming,
Statistics, and Simulation},
    author = {Elff, Martin},
    year = {2014},
    note = {R package version 0.96-10},
    url = {http://CRAN.R-project.org/package=memisc},
  }
%quantreg

  @Manual{quantreg,
    title = {quantreg: Quantile Regression},
    author = {Koenker, Roger},
    year = {2013},
    note = {R package version 5.05},
    url = {http://CRAN.R-project.org/package=quantreg},
  }

%R2HTML
%change away from the pdf
  @Article{R2HTML,
    title = {The {R2HTML} Package},
    author = {Lecoutre, Eric},
    journal = {R News},
    year = {2003},
    volume = {3},
    number = {3},
    pages = {33--36},
    month = {December},
    url = {http://cran.r-project.org/doc/Rnews/Rnews_2003-3.pdf},
  }


%r2lh

  @Manual{r2lh,
    title = {r2lh: R to LaTeX and HTML},
    author = {Genolini, Christophe  and Desgraupes, Bernard and Franca, Lionel Riou},
    year = {2011},
    note = {R package version 0.7},
    url = {http://CRAN.R-project.org/package=r2lh},
  }

%reporttools
  @Article{reporttools,
    title = {{reporttools}: {R} Functions to Generate {\LaTeX} Tables of Descriptive Statistics},
    author = {Rufibach, Kaspar},
    journal = {Journal of Statistical Software, Code Snippets},
    year = {2009},
    volume = {31},
    number = {1},
    url = {http://www.jstatsoft.org/v31/c01/},
  }
%rms

  @Manual{rms,
    title = {rms: Regression Modeling Strategies},
    author = {Harrell, Jr., Frank E.,},
    year = {2014},
    note = {R package version 4.2-1},
    url = {http://CRAN.R-project.org/package=rms},
  }

%rockchalk
  @Manual{rockchalk,
    title = {rockchalk: Regression Estimation and Presentation},
    author = {Johnson, Paul E.},
    year = {2014},
    note = {R package version 1.8.86},
    url = {http://CRAN.R-project.org/package=rockchalk},
  }

%stargazer
  @Manual{stargazer,
    title = {stargazer: LaTeX/HTML code and ASCII text for well-formatted regression and summary statistics tables},
    author = {Hlavac, Marek},
    year = {2014},
    note = {R package version 5.1},
    organization = {Harvard University},
    address = {Cambridge, USA},
    url = {http://CRAN.R-project.org/package=stargazer},
  }

%suRtex

  @Manual{suRtex,
    title = {suRtex: LaTeX descriptive statistic reporting for survey data},
    author = {Landers, Dustin},
    year = {2013},
    note = {R package version 0.9},
    url = {http://CRAN.R-project.org/package=suRtex},
  }

%tables

  @Manual{tables,
    title = {tables: Formula-driven table generation},
    author = {Murdoch, Duncan},
    year = {2014},
    note = {R package version 0.7.79},
    url = {http://CRAN.R-project.org/package=tables},
  }

%taRifx

 @Manual{taRifx,
    title = {taRifx: Collection of utility and convenience functions.},
    author = {Friedman, Ari B.},
    year = {2014},
    note = {R package version 1.0.6},
    url = {http://CRAN.R-project.org/package=taRifx},
  }

%texreg

  @Article{texreg,
    title = {{texreg}: Conversion of Statistical Model Output in {R} to {\LaTeX} and {HTML} Tables},
    author = {Leifeld, Philip},
    journal = {Journal of Statistical Software},
    year = {2013},
    volume = {55},
    number = {8},
    pages = {1--24},
    url = {http://www.jstatsoft.org/v55/i08/},
  }

  @Article{testthat,
    author = {Wickham, Hadley},
    title = {testthat: Get Started with Testing},
    journal = {The R Journal},
    year = {2011},
    volume = {3},
    pages = {5--10},
    url = {http://journal.r-project.org/archive/2011-1/RJournal_2011-1_Wickham.pdf},
  }



  %references that need to be inserted into survey

  %Factoclass
  @Article{FactoClass,
    title = {Combinacion de metodos factoriales y de analisis de conglomerados en R: el paquete FactoClass},
    author = {Pardo, C.E. and DelCampo,  P.C.},
    journal = {Revista Colombiana de Estadistica},
    year = {2007},
    volume = {30},
    pages = {231-245},
    number = {2}
  }


  %bpca
@Manual{bpca,
    title = {bpca: Biplot of Multivariate Data Based on Principal
                   Components Analysis.},
    author = {Faria, Jos{\`e} Cl{\`a}udio and Dem{\`e}trio, Clarice Garcia Borges and Allaman, Ivan Bezerra},
    organization = {UESC and ESALQ},
    address = {Ilheus, Bahia, Brasil and
                         Piracicaba, Sao Paulo, Brasil},
    year = {2014},
}


  %Boolnet
@Article{BoolNet,
    title = {BoolNet -- an R package for generation, reconstruction and analysis of Boolean networks},
    author = {M\"ussel, Christoph and Hopfensitz, Martin and Kestler, Hans A.},
    journal = {Bioinformatics},
    volume = {26},
    number = {10},
    pages = {1378--1380},
    year = {2010},
}

  %miscFuncs
  @Manual{miscFuncs,
    title = {miscFuncs: Miscellaneous Useful Functions},
    author = {Taylor, Benjamin M.},
    year = {2014},
    note = {R package version 1.2-6},
    url = {http://CRAN.R-project.org/package=miscFuncs},
  }

  %sfsmisc

  @Manual{sfsmisc,
    title = {sfsmisc: Utilities from Seminar fuer Statistik ETH Zurich},
    author = {Maechler, Martin and others},
    year = {2014},
    note = {R package version 1.0-26},
    url = {http://CRAN.R-project.org/package=sfsmisc},
  }

  @Manual{knitr,
    title = {knitr: A general-purpose package for dynamic report
      generation in R},
    author = {Xie, Yihui},
    year = {2014},
    note = {R package version 1.7},
    url = {http://yihui.name/knitr/},
  }


